 @misc{cutrer,
  title   = {Geopandas-tutorial/data at master Â· Joncutrer/Geopandas-Tutorial},
  url     = {https://github.com/joncutrer/geopandas-tutorial/tree/master/data},
  journal = {GitHub},
  author  = {Cutrer, Jon}
}

 @misc{nytimes,
  title   = {Nytimes/COVID-19-data: A repository of data on coronavirus cases and deaths in the U.S.},
  url     = {https://github.com/nytimes/covid-19-data},
  journal = {GitHub},
  author  = {Nytimes}
}
% Source https://www2.census.gov/geo/tiger/GENZ2021/shp/cb_2021_us_state_500k.zip, 2022-04-25 15:14
@dataset{census,
  title   = {US County Boundaries},
  url     = {https://hifld-geoplatform.opendata.arcgis.com/datasets/us-county-boundaries/explore},
  journal = {U.S. Department of Homeland Security Infrastructure Foundation-Level Data (HIFLD)},
  author  = {Census}
}
